@article{pask,
     author = {Pask\={u}nas, Vytautas},
     title = {The image of {Colmez{\textquoteright}s} {Montreal} functor},
     journal = {Publications Math\'ematiques de l'IH\'ES},
     pages = {1--191},
     publisher = {Springer Berlin Heidelberg},
     address = {Berlin/Heidelberg},
     volume = {118},
     year = {2013},
     doi = {10.1007/s10240-013-0049-y},
     zbl = {1297.22021},
     mrnumber = {3150248},
     language = {en},
     url = {http://www.numdam.org/articles/10.1007/s10240-013-0049-y/}
}

@article{pan,
  title={The Fontaine-Mazur conjecture in the residually reducible case},
  author={Pan, Lue},
  journal={Journal of the American Mathematical Society},
  volume={35},
  number={4},
  pages={1031--1169},
  year={2022}
}

@article{CDP,
  title={{The p-adic local Langlands correspondence for $GL_2(Q_p)$}},
  author={Pierre Colmez and Gabriel Dospinescu and Vytautas Pask\={u}nas},
  journal={Camb. J. Math},
  year={2014},
  pages = {1--47}
}

@incollection{emeI,
     author = {Emerton, Matthew},
     title = {Ordinary parts of admissible representations of $p$-adic reductive groups {I.} {Definition} and first properties},
     booktitle = {Repr\'esentations $p$-adiques de groupes $p$-adiques III : m\'ethodes globales et g\'eom\'etriques},
     series = {Ast\'erisque},
     publisher = {Soci\'et\'e math\'ematique de France},
     number = {331},
     year = {2010}
}

@incollection{emeII,
     author = {Emerton, Matthew},
     title = {Ordinary parts of admissible representations of $p$-adic reductive groups {II.} {Derived} functors},
     booktitle = {Repr\'esentations $p$-adiques de groupes $p$-adiques III : m\'ethodes globales et g\'eom\'etriques},
     series = {Ast\'erisque},
     pages = {403--459},
     publisher = {Soci\'et\'e math\'ematique de France},
     number = {331},
     year = {2010},
     mrnumber = {2667883},
     zbl = {1205.22014},
     language = {en},
     url = {http://www.numdam.org/item/AST_2010__331__403_0/}
}

@article{barthel,
  title = {Irreducible modular representations of GL2 of a local field},
  volume = {75},
  ISSN = {0012-7094},
  url = {http://dx.doi.org/10.1215/S0012-7094-94-07508-X},
  DOI = {10.1215/s0012-7094-94-07508-x},
  number = {2},
  journal = {Duke Mathematical Journal},
  publisher = {Duke University Press},
  author = {Barthel,  L. and Livn√©,  R.},
  year = {1994},
  month = aug 
}
